@MISC{Reckdahl-2000,
  AUTHOR = "K.~Reckdahl",
  TITLE = "Using Imported graphics in \LaTeX2e",
  YEAR = "1997",
  VERSION = "2.0",
}

@MISC{ctex,
  AUTHOR = "吴凌云",
  TITLE = "ctex~宏包说明",
  YEAR = "2006",
}

@MISC{ctexfaq,
  AUTHOR = "吴凌云",
  TITLE = "CTeX FAQ (常见问题集)",
  VERSION = "0.4 beta",
  YEAR = "2005",
}

@MISC{geometry,
  AUTHOR = "Hideo Umeki",
  TITLE = "The \verb|geometry| package",
  VERSION = "3.2",
  YEAR = "2002",
}

@MISC{dypang,
  AUTHOR = "dypang",
  TITLE = "北京大学硕博论文模版（测试版）",
  URL = "http://attach3.bdwm.net/attach/boards/Thesis/M.1112645491.A/PKUThesis.rar",
  YEAR = "2005",
}

@MISC{lwolf,
  AUTHOR = "lwolf",
  TITLE = "学士(硕/博)毕业论文模板[基于dypang的模板]",
  URL = "http://attach3.bdwm.net/attach/boards/MathTools/M.1179239165.A/thesistemplate.rar",
  YEAR = "2007",
}

@MISC{Langpku,
  AUTHOR = "Langpku",
  TITLE = "Re: 关于置底模版的问题和一些修改",
  URL = "http://attach3.bdwm.net/attach/boards/MathTools/M.1180676700.A/thesistemplate\%5fmodified\%5fby\%5fLangpku\%5f2.zip",
  YEAR = "2007",
}

@MISC{FerretL,
  AUTHOR = "FerretL",
  TITLE = "新的pku博士论文模板",
  URL = "http://attach3.bdwm.net/attach/boards/Thesis/M.1174982168.A/thesis\%5fpku\%5f200703.rar",
  YEAR = "2007",
}

@MISC{F11-2007,
  AUTHOR = "北京大学研究生院",
  TITLE = "北京大学学位论文原创性声明和使用授权说明",
  URL = "http://grs.pku.edu.cn/py/content/F_11.doc",
  YEAR = "2007",
}

@INCOLLECTION{F13,
  AUTHOR = "北京大学研究生院",
  TITLE = "北京大学研究生学位论文的基本要求与书写格式",
  BOOKTITLE = "北京大学研究生手册",
  URL = "http://grs.pku.edu.cn/py/content/F_13.doc",
  PUBLISHER = "北京大学",
  YEAR = "2005",
  PAGES = "29-32",
}

@BOOK{texbook,
  AUTHOR = "Donald E.~Knuth",
  TITLE = "The \TeX book",
  SERIES = "Computers and Typesetting",
  VOLUME = "A",
  PUBLISHER = "Addison-Wesley",
  EDITION = "second",
  YEAR = "1984",
}

@BOOK{ch8,
  AUTHOR = "M.~Goossens and F.~Mittelbach and A.~Samarin",
  TITLE = "The \LaTeX\ Companion",
  PUBLISHER = "Addison-Wesley",
  YEAR = "1994",
}
