@BOOK{texbook,
  AUTHOR = "Donald E.{\ }Knuth",
  TITLE = "The \TeX{}book",
  SERIES = "Computers and Typesetting",
  VOLUME = "A",
  PUBLISHER = "Addison-Wesley",
  EDITION = "second",
  YEAR = "1984",
}

@BOOK{tlc,
  AUTHOR = "M.{\ }Goossens and F.{\ }Mittelbach and A.{\ }Samarin",
  TITLE = "The \LaTeX{} Companion",
  PUBLISHER = "Addison-Wesley",
  YEAR = "1994",
}

@MISC{ctex,
  AUTHOR = "\texttt{ctex.org}",
  TITLE = "ctex 宏包说明",
  VERSION = "0.99b",
  YEAR = "2010",
  LANGUAGE = "Chinese",
}

@MISC{ctex-faq,
  AUTHOR = "吴凌云",
  TITLE = "\CTeX{} FAQ（常见问题集）",
  VERSION = "0.4 beta",
  YEAR = "2007",
  LANGUAGE = "Chinese",
}

@MISC{enumitem,
  AUTHOR = "Javier Bezos",
  TITLE = "Customizing lists with the \textsf{enumitem} package",
  YEAR = "2009",
}

@MISC{fancyhdr,
  AUTHOR = "Piet van Oostrum",
  TITLE = "Page layout in \LaTeX{}",
  YEAR = "2004",
}

@MISC{footmisc,
  AUTHOR = "Robin Fairbairns",
  TITLE = "\texttt{footmisc} -- a portmanteau package for customising footnotes in \LaTeX{}",
  YEAR = "2009",
}

@MISC{geometry,
  AUTHOR = "Hideo Umeki",
  TITLE = "The \textsf{geometry} package",
  VERSION = "5.3",
  YEAR = "2010",
}

@MISC{graphicx,
  AUTHOR = "D.{\ }P.{\ }Carlisle",
  TITLE = "Packages in the `graphics' bundle",
  YEAR = "2005",
}

@MISC{hyperref,
  AUTHOR = "Sebastian Rahtz and Heiko Oberdiek",
  TITLE = "Hypertext marks in \LaTeX{}: a manual for hyperref",
  YEAR = "2010",
}

@MISC{natbib,
  AUTHOR = "Patrick W.{{\ }}Daly",
  TITLE = "Natural Sciences Citations and References",
  YEAR = "2010",
}

@MISC{tocbibind,
  AUTHOR = "Peter Wilson and Herries Press and Will Robertson",
  TITLE = "The \textsf{tocbibind} package",
  YEAR = "2010",
}

@MISC{dypang,
  AUTHOR = "dypang",
  TITLE = "北京大学硕博论文模版（测试版）",
  URL = "http://bdwm.net/a.php?b/Thesis/M.1112645491.A/D10F612.rar",
  YEAR = "2005",
  LANGUAGE = "Chinese",
}

@MISC{FerretL,
  AUTHOR = "FerretL",
  TITLE = "新的pku博士论文模板",
  URL = "http://bdwm.net/a.php?b/Thesis/M.1174982168.A/4270722.rar",
  YEAR = "2007",
  LANGUAGE = "Chinese",
}

@MISC{lwolf,
  AUTHOR = "lwolf",
  TITLE = "学士(硕/博)毕业论文模板[基于dypang的模板]",
  URL = "http://bdwm.net/a.php?b/MathTools/M.1179239165.A/5A2D5A2.rar",
  YEAR = "2007",
  LANGUAGE = "Chinese",
}

@MISC{Langpku,
  AUTHOR = "Langpku",
  TITLE = "Re: 关于置底模版的问题和一些修改",
  URL = "http://bdwm.net/a.php?b/MathTools/M.1180676700.A/DBB7810.zip",
  YEAR = "2007",
  LANGUAGE = "Chinese",
}

@MISC{solvethis,
  AUTHOR = "solvethis",
  TITLE = "Re: 学位论文模板更新",
  URL = "http://bdwm.net/a.php?b/Thesis/M.1205377509.A/9413ED2.rar",
  YEAR = "2008",
  LANGUAGE = "Chinese",
}

@MISC{pku-copyright,
  AUTHOR = "北京大学研究生院",
  TITLE = "北京大学学位论文版权声明(首页)",
  URL = "http://grs.pku.edu.cn/document/20101110143928832634.doc",
  YEAR = "2010",
  LANGUAGE = "Chinese",
}

@MISC{pku-originauth,
  AUTHOR = "北京大学研究生院",
  TITLE = "北京大学学位论文原创性声明和使用授权说明(末页)",
  URL = "http://grs.pku.edu.cn/document/20101110143844053593.doc",
  YEAR = "2010",
  LANGUAGE = "Chinese",
}

@INCOLLECTION{pku-thesisstyle,
  AUTHOR = "北京大学研究生院",
  TITLE = "北京大学研究生学位论文的基本要求与书写格式",
  BOOKTITLE = "北京大学研究生手册",
  URL = "http://grs.pku.edu.cn/document/20110104121030679471.doc",
  PUBLISHER = "北京大学",
  YEAR = "2010",
  PAGES = "27-32",
  LANGUAGE = "Chinese",
}

